[gd_scene load_steps=22 format=2]

[ext_resource path="res://assets/panel/lever_switch/lever_switch.tscn" type="PackedScene" id=1]
[ext_resource path="res://assets/panel/fuse/fuse.tscn" type="PackedScene" id=2]
[ext_resource path="res://assets/panel/output/output.tscn" type="PackedScene" id=3]
[ext_resource path="res://assets/puzzle/PuzzleTemplate.tscn" type="PackedScene" id=4]
[ext_resource path="res://assets/PropertyPath.gd" type="Script" id=5]
[ext_resource path="res://assets/panel/crossing/crossing.tscn" type="PackedScene" id=6]
[ext_resource path="res://assets/panel/locked_button/locked_button.tscn" type="PackedScene" id=7]
[ext_resource path="res://assets/panel/lamp/lamp.tscn" type="PackedScene" id=8]

[sub_resource type="Resource" id=13]
script = ExtResource( 5 )
path = NodePath("panel/top/output")
prop = "output_1"

[sub_resource type="Resource" id=9]
script = ExtResource( 5 )
path = NodePath("../../top/crossing")
prop = "output_2"

[sub_resource type="Resource" id=1]
script = ExtResource( 5 )
path = NodePath("../lever_switch")
prop = "output_1"

[sub_resource type="Resource" id=8]
script = ExtResource( 5 )
path = NodePath("../../top/crossing2")
prop = "output_1"

[sub_resource type="Resource" id=7]
script = ExtResource( 5 )
path = NodePath("../fuse")
prop = "output_1"

[sub_resource type="Resource" id=2]
script = ExtResource( 5 )
path = NodePath("../lever_switch")
prop = "output_1"

[sub_resource type="Resource" id=3]
script = ExtResource( 5 )
path = NodePath("../crossing")
prop = "output_1"

[sub_resource type="Resource" id=10]
script = ExtResource( 5 )
path = NodePath("../lamp")
prop = "output_2"

[sub_resource type="Resource" id=4]
script = ExtResource( 5 )
path = NodePath("../../ground/lever_switch")
prop = "output_1"

[sub_resource type="Resource" id=11]
script = ExtResource( 5 )
path = NodePath("../crossing2")
prop = "output_2"

[sub_resource type="Resource" id=12]
script = ExtResource( 5 )
path = NodePath("../../ground/fuse2")
prop = "output_1"

[sub_resource type="Resource" id=5]
script = ExtResource( 5 )
path = NodePath("../crossing2")
prop = "output_1"

[sub_resource type="Resource" id=6]
script = ExtResource( 5 )
path = NodePath("../../ground/locked_button")
prop = "output_2"

[node name="Puzzle" instance=ExtResource( 4 )]
inputs_1 = [ SubResource( 13 ) ]
inputs_2 = [ SubResource( 13 ) ]
fuses = 1

[node name="fuse2" parent="panel/ground" index="0" instance=ExtResource( 2 )]
transform = Transform( 1, 0, 0, 0, 1, -1.49012e-08, 0, 0, 1, 0.681642, 0.05, -1.49012e-08 )
inputs_1 = [ SubResource( 9 ) ]

[node name="locked_button" parent="panel/ground" index="1" instance=ExtResource( 7 )]
transform = Transform( -2, 0, -1.74846e-07, -3.55271e-15, 2, 5.96046e-08, 1.74846e-07, 2.98023e-08, -2, -0.277643, 0, 2.23517e-08 )
input_type_1 = 4
inputs_1 = [ SubResource( 1 ), SubResource( 8 ) ]
inputs_2 = [ SubResource( 7 ) ]

[node name="lever_switch" parent="panel/ground" index="2" instance=ExtResource( 1 )]
transform = Transform( -4.37114e-08, 0, -1, -1.49012e-08, 1, 8.88178e-16, 1, 0, -4.37114e-08, -0.773875, 0, 0 )
always_input_1 = true

[node name="fuse" parent="panel/ground" index="3" instance=ExtResource( 2 )]
transform = Transform( 1, 0, 0, 0, 1, -1.49012e-08, 0, 0, 1, 0.215956, 0.05, -1.49012e-08 )
inputs_1 = [ SubResource( 2 ) ]

[node name="crossing2" parent="panel/top" index="0" instance=ExtResource( 6 )]
transform = Transform( 1, 0, 0, 0, 1, 2.98023e-08, 0, -2.98023e-08, 1, 0.290891, 0, 0 )
inputs_1 = [ SubResource( 3 ) ]
inputs_2 = [ SubResource( 10 ) ]

[node name="crossing" parent="panel/top" index="1" instance=ExtResource( 6 )]
transform = Transform( 1, 0, 0, 0, 1, 2.98023e-08, 0, -2.98023e-08, 1, -0.26713, 0, 0 )
inputs_1 = [ SubResource( 4 ) ]
inputs_2 = [ SubResource( 11 ) ]

[node name="output" parent="panel/top" index="2" instance=ExtResource( 3 )]
transform = Transform( 1, 0, 0, 0, 1, 2.98023e-08, 0, -2.98023e-08, 1, -0.755509, 0, 0 )
inputs_1 = [ SubResource( 12 ) ]
inputs_2 = [ SubResource( 12 ) ]

[node name="lamp" parent="panel/top" index="3" instance=ExtResource( 8 )]
transform = Transform( 1, 0, 0, 0, 1, 2.98023e-08, 0, -2.98023e-08, 1, 0.747963, 0, 0 )
input_type_1 = 2
inputs_1 = [ SubResource( 5 ), SubResource( 6 ) ]
inputs_2 = [ SubResource( 5 ), SubResource( 6 ) ]
