[gd_scene load_steps=23 format=2]

[ext_resource path="res://assets/puzzle/PuzzleTemplate.tscn" type="PackedScene" id=1]
[ext_resource path="res://assets/panel/lever_switch/lever_switch.tscn" type="PackedScene" id=2]
[ext_resource path="res://assets/panel/output/output.tscn" type="PackedScene" id=3]
[ext_resource path="res://assets/PropertyPath.gd" type="Script" id=4]
[ext_resource path="res://assets/panel/crossing/crossing.tscn" type="PackedScene" id=5]
[ext_resource path="res://assets/panel/lamp/lamp.tscn" type="PackedScene" id=6]

[sub_resource type="Resource" id=16]
script = ExtResource( 4 )
path = NodePath("panel/top/output")
prop = "output_1"

[sub_resource type="Resource" id=17]
script = ExtResource( 4 )
path = NodePath("panel/top/output2")
prop = "output_1"

[sub_resource type="Resource" id=12]
script = ExtResource( 4 )
path = NodePath("../crossing2")
prop = "output_2"

[sub_resource type="Resource" id=1]
script = ExtResource( 4 )
path = NodePath("../lever_switch")
prop = "output_1"

[sub_resource type="Resource" id=2]
script = ExtResource( 4 )
path = NodePath("../lever_switch")
prop = "output_2"

[sub_resource type="Resource" id=9]
script = ExtResource( 4 )
path = NodePath("../crossing2")
prop = "output_1"

[sub_resource type="Resource" id=8]
script = ExtResource( 4 )
path = NodePath("../../top/lamp2")
prop = "output_1"

[sub_resource type="Resource" id=11]
script = ExtResource( 4 )
path = NodePath("../lever_switch")
prop = "output_1"

[sub_resource type="Resource" id=13]
script = ExtResource( 4 )
path = NodePath("../../top/lamp2")
prop = "output_1"

[sub_resource type="Resource" id=3]
script = ExtResource( 4 )
path = NodePath("../lamp")
prop = "output_1"

[sub_resource type="Resource" id=14]
script = ExtResource( 4 )
path = NodePath("../../ground/lever_switch3")
prop = "output_1"

[sub_resource type="Resource" id=4]
script = ExtResource( 4 )
path = NodePath("../lamp2")
prop = "output_1"

[sub_resource type="Resource" id=15]
script = ExtResource( 4 )
path = NodePath("../../ground/lever_switch2")
prop = "output_2"

[sub_resource type="Resource" id=5]
script = ExtResource( 4 )
path = NodePath("../../ground/crossing")
prop = "output_1"

[sub_resource type="Resource" id=6]
script = ExtResource( 4 )
path = NodePath("../../ground/crossing")
prop = "output_2"

[sub_resource type="Resource" id=10]
script = ExtResource( 4 )
path = NodePath("../../ground/lever_switch2")
prop = "output_1"

[node name="Puzzle" instance=ExtResource( 1 )]
input_type_1 = 2
inputs_1 = [ SubResource( 16 ) ]
inputs_2 = [ SubResource( 17 ) ]

[node name="lever_switch3" parent="panel/ground" index="0" instance=ExtResource( 2 )]
transform = Transform( -0.707107, 0, -0.707107, -1.49012e-08, 0.999999, 1.49012e-08, 0.707107, 7.45058e-08, -0.707107, 0.5, -1.19209e-07, -0.2 )
inputs_1 = [ SubResource( 12 ) ]

[node name="lever_switch" parent="panel/ground" index="1" instance=ExtResource( 2 )]
transform = Transform( -4.37114e-08, 0, -1, -5.96046e-08, 1, 1.77636e-15, 1, 2.98023e-08, -4.37114e-08, -0.645983, -0.00638634, 0.00301363 )
always_input_1 = true
inverse_switch_1 = true
always_input_2 = true

[node name="crossing" parent="panel/ground" index="2" instance=ExtResource( 5 )]
transform = Transform( 1, 0, 0, 0, 1, -1.49012e-08, 0, 0, 1, 0, 0.023166, -0.00460801 )
inputs_1 = [ SubResource( 1 ) ]
inputs_2 = [ SubResource( 2 ) ]

[node name="lever_switch2" parent="panel/ground" index="3" instance=ExtResource( 2 )]
transform = Transform( 0.707107, -1.33227e-15, -0.707107, -1.49012e-08, 0.999999, -1.49012e-08, 0.707107, 7.45058e-08, 0.707107, 0.9, -2.38419e-07, -0.2 )
inputs_1 = [ SubResource( 9 ) ]
always_input_2 = true
inverse_switch_2 = true

[node name="crossing2" parent="panel/ground" index="4" instance=ExtResource( 5 )]
transform = Transform( 1, 0, 0, 0, 1, -4.47035e-08, 0, 2.98023e-08, 1, 0.7, 0.013, -0.003 )
inputs_1 = [ SubResource( 8 ) ]
inputs_2 = [ SubResource( 11 ), SubResource( 13 ) ]

[node name="output" parent="panel/top" index="0" instance=ExtResource( 3 )]
transform = Transform( 1, 0, 0, 0, 1, 2.98023e-08, 0, -2.98023e-08, 1, -0.810538, 0, 0 )
input_type_1 = 2
inputs_1 = [ SubResource( 3 ), SubResource( 14 ) ]
inputs_2 = [ SubResource( 3 ), SubResource( 14 ) ]

[node name="output2" parent="panel/top" index="1" instance=ExtResource( 3 )]
transform = Transform( 1, 0, 0, 0, 1, 2.98023e-08, 0, -2.98023e-08, 1, 0.796183, 0, 0 )
input_type_1 = 2
inputs_1 = [ SubResource( 4 ), SubResource( 15 ) ]
inputs_2 = [ SubResource( 4 ), SubResource( 15 ) ]

[node name="lamp" parent="panel/top" index="2" instance=ExtResource( 6 )]
transform = Transform( 1, 0, 0, 0, 1, 2.98023e-08, 0, -2.98023e-08, 1, -0.335473, 0, 0 )
inputs_1 = [ SubResource( 5 ) ]

[node name="lamp2" parent="panel/top" index="3" instance=ExtResource( 6 )]
transform = Transform( 1, 0, 0, 0, 1, 2.98023e-08, 0, -2.98023e-08, 1, 0.30614, 0, 0 )
input_type_1 = 2
inputs_1 = [ SubResource( 6 ), SubResource( 10 ) ]
inputs_2 = [ SubResource( 6 ), SubResource( 10 ) ]

[node name="Backgound" parent="." index="5"]
transform = Transform( 1, 0, 0, 0, 1, 0, 0, 0, 1, 4.93526e-05, 1.49767, 0.0012536 )
