[gd_scene load_steps=10 format=2]

[ext_resource path="res://assets/PropertyPath.gd" type="Script" id=1]
[ext_resource path="res://assets/panel/fuse/fuse.tscn" type="PackedScene" id=2]
[ext_resource path="res://assets/puzzle/PuzzleTemplate.tscn" type="PackedScene" id=3]
[ext_resource path="res://assets/panel/lever_switch/lever_switch.tscn" type="PackedScene" id=6]
[ext_resource path="res://assets/panel/output/output.tscn" type="PackedScene" id=7]

[sub_resource type="Resource" id=1]
script = ExtResource( 1 )
path = NodePath("panel/top/output")
prop = "output_1"

[sub_resource type="Resource" id=2]
script = ExtResource( 1 )
path = NodePath("../fuse")
prop = "output_1"

[sub_resource type="Resource" id=3]
script = ExtResource( 1 )
path = NodePath("../../ground/lever_switch2")
prop = "output_1"

[sub_resource type="Resource" id=4]
script = ExtResource( 1 )
path = NodePath("../../ground/lever_switch")
prop = "output_1"

[node name="Puzzle" instance=ExtResource( 3 )]
inputs_1 = [ SubResource( 1 ) ]
always_input_2 = true
fuses = 1

[node name="lever_switch" parent="panel/ground" index="0" instance=ExtResource( 6 )]
transform = Transform( -4.37114e-08, 0, -1, -2.98023e-08, 1, 3.55271e-15, 1, 0, -4.37114e-08, -0.5, 0, 0 )
always_input_1 = true

[node name="lever_switch2" parent="panel/ground" index="1" instance=ExtResource( 6 )]
transform = Transform( -4.37114e-08, 0, -1, -1.49012e-08, 1, 1.77636e-15, 1, 0, -4.37114e-08, 0.5, 0, 0 )
always_input_1 = true

[node name="output" parent="panel/top" index="0" instance=ExtResource( 7 )]
transform = Transform( 1, 0, 0, 0, 1, 0, 0, 0, 1, 0.2, 0, 0 )
inputs_1 = [ SubResource( 2 ) ]
inputs_2 = [ SubResource( 3 ) ]

[node name="fuse" parent="panel/top" index="1" instance=ExtResource( 2 )]
transform = Transform( 1, 0, 0, 0, 1, 2.98023e-08, 0, -2.98023e-08, 1, -0.1, 0.05, 0 )
inputs_1 = [ SubResource( 4 ) ]
